%Nur vorgemerkt
@article{RapidControlPrototyping_MATLAB/Simulink,
	author = {Darko Hercog, Karel Jezernik},
	title = {Rapid Control Prototyping using MATLAB/Simulink and a DSP-based Motor Controller},
	journaltitle = {journaltitle},
	date = {2005},
}

@inbook{HexapodRobotSimscapeMultibody,
	author = {Claudio Urrea, Luis Valenzuela, John Kern},
	title = {Design, Simulation and Control of a Hexapod Robot in Simscape Multibody},
	booktitle = {Applications from Engineering with MATLAB Concepts},
	date = {07.07.2016},
}

@article{MatModelAndControlSimulation,
	author = {Krešimir Osman, Trpimir Alajbeg},
	title = {Mathematical Model and Control Simulation of Hexapod Robot Locomotion in Tripod Gait},
	journaltitle = {journaltitle},
	date = {12.12.2021},
}

@article{HeterarchicalArchitectureSchilling,
	author = {Malte Schilling, Jan Paskarbeit, Thierry Hoinville, Arne Hüffmeier, Axel Schneider, Josef Schmitz, Holk Cruse},
	title = {A hexapod walker using a heterarchical architecture for action selection},
	journaltitle = {Frontiers in Computational Neurosience},
	date = {17. September 2013},
}

@article{SMART_HexBot,
	author = {Ranjit Kumar Barai, Pankaj Saha, Anirban Mandal},
	title = {SMART-HexBot: a Simulation, Modeling, Analysis and Research Tool for Hexapod Robot in Virtual Reality and Simulink},
	journaltitle = {journaltitle},
	date = {date},
}

@inproceedings{DynamicModelingAndControlMatlabSimMechanics,
	author = {Sameh I. Beaber, Mohamed A. Kamel, Abdelrahman Zaghloul, Wessam Mahmoud A M Hussein},
	editor = {editor},
	title = {Dynamic Modeling and Control of the Hexapod Robot Using Matlab SimMechanics},
	booktitle = {booktitle},
	date = {November 2018},
}

@article{Walknet,
	author = {Malte Schilling, Thierry Hionville, Josef Schmitz, Holk Cruse},
	title = {Walknet, a bio-inspired controller for hexapod walking},
	journaltitle = {Biological Cybernetics},
	date = {Juli 2013},
}

@article{thilderkvist2015motion,
	title={Motion control of hexapod robot using model-based design},
	author={Thilderkvist, Dan and Svensson, Sebastian},
	year={2015}
}

%-----------------------------------------------------------------------------------------------
%Wirklich zitiert
@article{afzal2020study,
	title={A study on the challenges of using robotics simulators for testing},
	author={Afzal, Afsoon and Katz, Deborah S and Goues, Claire Le and Timperley, Christopher S},
	journal={arXiv preprint arXiv:2004.07368},
	year={2020}
}

@online{BostonDynamicsSimulation,
author = {Robin Deits & Twan Koolen},
title = {Picking Up Momentum},
date = {25.01.2023},
url = {https://www.bostondynamics.com/resources/blog/picking-momentum},
}

@misc{TeslaAiDay2022,
title = {Tesla AI Day 2022(Stream)},
date = {01.10.2022},
organization = {Tesla Inc.},
url = {https://www.youtube.com/watch?v=ODSJsviD_SU&t=3573s},
}
